
@MISC{ref1,
	HOWPUBLISHED = {https://www.tutorialspoint.com/compiler\_design/compiler\_design\_lexical\_analysis.html},
	TITLE = "Compiler Design Lexical Analysis",
	NOTE = "Accessed on 15-03-2020"
}

@MISC{ref2,
	HOWPUBLISHED = {https://www.geeksforgeeks.org/introduction-of-lexical-analysis/},
	TITLE = "Introduction of lexical analysis",
	NOTE = "Accessed on 28-03-2020"
}

@MISC{ref3,
	HOWPUBLISHED = {https://www.geeksforgeeks.org/construction-of-ll1-parsing-table/},
	TITLE = "Construction of LL(1) Parsing Table",
	NOTE = "Accessed on 03-04-2020"
}

@MISC{ref4,
	HOWPUBLISHED = {https://ruslanspivak.com/lsbasi-part7/},
	TITLE = "Letâ€™s Build A Simple Interpreter. Part 7: Abstract Syntax Trees",
	NOTE = "Accessed on 10-03-2020"
}

