
@MISC{ref1,
	HOWPUBLISHED = {https://www.baeldung.com/java-antlr},
	TITLE = "Java with ANTLR",
	NOTE = "Accessed on 04-05-2020"
}

@MISC{ref2,
	HOWPUBLISHED = {https://github.com/antlr/antlr4/blob/master/doc/index.md},
	TITLE = "ANTLR 4 Documentation",
	NOTE = "Accessed on 04-05-2020"
}

@MISC{ref3,
	HOWPUBLISHED = {https://www.youtube.com/watch?v=itajbtWKPGQ},
	TITLE = "Antlr Beginner Tutorial 2: Integrating Antlr in Java Project",
	NOTE = "Accessed on 05-05-2020"
}

@MISC{ref4,
	HOWPUBLISHED = {https://www.youtube.com/watch?v=dPWWcH5uM0g\&t=305s},
	TITLE = "Antrl v4 on IntelliJ, Part 2 - Visitors",
	NOTE = "Accessed on 06-05-2020"
}

@MISC{ref5,
	HOWPUBLISHED = {https://stackoverflow.com/questions/38106771/antlr4-how-do-i-get-the-token-type-as-the-token-text-in-antlr},
	TITLE = "ANTLR4 - How do I get the token TYPE as the token text in ANTLR?",
	NOTE = "Accessed on 08-05-2020"
}

@MISC{ref6,
	HOWPUBLISHED = {https://stackoverflow.com/questions/18132078/handling-errors-in-antlr4/18137301\#18137301},
	TITLE = "Handling errors in ANTLR4",
	NOTE = "Accessed on 08-05-2020"
}

@MISC{ANTLRplugin,
	HOWPUBLISHED = {https://plugins.jetbrains.com/plugin/7358-antlr-v4-grammar-plugin},
	TITLE = "ANTLR v4 grammar plugin",
	NOTE = "Accessed on 07-05-2020"
}

